@online{jdc_silver,
  author = {John D. Cook},
  title = {The silver ratio},
  year = 2009,
  url = {https://www.johndcook.com/blog/2009/05/20/the-silver-ratio/},
  urldate = {2009-05-20}
}

@online{numberphile_silver,
  author = {Tony Padilla},
  title = {The Silver Ratio - Numberphile},
  organization = {Youtube},
  year = 2018,
  url = {https://www.youtube.com/watch?v=7lRgeTmxnlg},
  urldate = {2018-05-11}
}

@online{js_story,
  author = {Quincy Larson},
  title = {JavaScript Calculator project with testable user stories - Guinea Pigs needed},
  year = 2016,
  url = {https://www.freecodecamp.org/forum/t/javascript-calculator-project-with-testable-user-stories-guinea-pigs-needed/58941},
  urldate = {2016-11-24}
}

@online{cal_story,
  author = {Dhaval Dalal},
  title = {Calculator Stories},
  year = 2012,
  url = {https://www.slideshare.net/DhavalDalal/calculator-stories},
  urldate = {2012-06-23}
}


@online{prev_project,
  author = {Prashanthi Ramesh},
  title = {Calculator Stories},
  year = 2012,
  url = {https://github.com/PrashanthiRamesh/SOEN-6481-Project},
  urldate = {2019-04-07}
}

@unpublished{project_des,
  Author = { P. Kamthan},
  Institution = {Concordia University},
  Howpublished = {University Lecture},
  Year = {2019},
  Title = {PROJECT DESCRIPTION}
}